@book{arm-furber,
	author = {Stephen Furber},
  	title  = {ARM System-on-Chip Architecture},
    year   = 2000,
}

@article{arm-white-paper,
    title = {ARM Cortex-M for Beginners},
    author = {Joseph Yiu},
    year = {2016}
}

@manual{cortex-m7-trm,
	title  = {ARM Cortex-M7 Processor Technical Reference Manual},
    author = {ARM Limited. Company},
    year   = 2015,
}

@manual{note-an4838,
    title = {Application note - AN4838 - Managing memory protection unit (MPU) in STM32 MCUs},
    author = {life.augmented},
    year = 2018,
    %%note = {Avaiable at \url{http://www.st.com/content/ccc/resource/technical/document/application_note/group0/bc/2d/f7/bd/fb/3f/48/47/DM00272912/files/DM00272912.pdf/jcr:content/translations/en.DM00272912.pdf}}
}

@article{cortex-m7-launches,
    title = {CPUs Cortex-M7 Launches: Embedded, IoT and Wearables},
    author = {Stephen Barrett},
    year = {2014},
    %%note = {Available at \url{https://www.avrfreaks.net/sites/default/files/forum_attachments/AN-15679_SAMS70_E70_Cache_Coherence.pdf}}
}

@article{note-an-15679,
    title = {How to manage Cortex-M7 Cache Coherence
on the Atmel SAM S70 / E70},
    author = {Atmel Corporation},
    year = {2015},
    %%%note = {Available at \url{https://www.avrfreaks.net/sites/default/files/forum_attachments/AN-15679_SAMS70_E70_Cache_Coherence.pdf}}
}

@article{superscalar-processors,
    title = {The Microarchitecture of Superscalar Processors},
    author = {JAMES E. SMITH and GURINDAR S. SOH},
    year = {1995},
    %%%note = {Avaiable at \url{https://ieeexplore.ieee.org/stamp/stamp.jsp?tp=&arnumber=476078}}
}

@article{axi-experiment,
    title = {A Synthesizable AXI Protocol Checker for SoC Integration},
    author = {Chien-Hung Chen Jiun-Cheng Ju and Ing-Jer Huang},
    year = 2010,
    %%note = {Avaiable at \url{http://static6.arrow.com/aropdfconversion/f16630c25f7bd9f6d8f79648793eac0cec0f1249/6467314819840706dm00166116.pdf}}
}

@manual{amba-axi-manual,
    title = {AMBA AXI and ACE Protocol Specification},
    author = {ARM},
    year = {2011},
    %%note = {Avaiable at \url{http://www.gstitt.ece.ufl.edu/courses/fall15/eel4720_5721/labs/refs/AXI4_specification.pdf}}
}

@manual{computer-cortex-m7,
    title = {STM32F745xx e STM32F746xx},
    author = {life.augmented},
    year = 2015,
    %%note = {Avaiable at \url{http://static6.arrow.com/aropdfconversion/f16630c25f7bd9f6d8f79648793eac0cec0f1249/6467314819840706dm00166116.pdf}}
}

@article{internet-of-things,
    title = {Internet of Things (IoT): A Vision, Architectural Elements, and
Future Directions},
    author = {Jayavardhana Gubbi},
    year = {2013},
    %%note = {Avaiable at \url{https://arxiv.org/pdf/1207.0203.pdf?ref=theiotlist}}
}